@MISC{apple2020,
   author =       {Apple},
   title =        {Sicherheit der Apple-Plattformen},
   url =          {https://manuals.info.apple.com/MANUALS/1000/MA1902/de_DE/apple-platform-security-guide-d.pdf},
   note =         {[Online; Aufgerufen 27.10.2020]},
}
